<record><leader>00000cas a22000007a 4500</leader><controlfield tag="001">9397597</controlfield><controlfield tag="008">830411c19559999njuwr ne      0   a0eng d</controlfield><datafield ind1=" " ind2=" " tag="010"><subfield code="a">sn 83000668 </subfield></datafield><datafield ind1=" " ind2=" " tag="040"><subfield code="a">NSD</subfield><subfield code="b">eng</subfield><subfield code="c">NSD</subfield><subfield code="d">NJW</subfield><subfield code="d">OCLCQ</subfield></datafield><datafield ind1=" " ind2=" " tag="012"><subfield code="m">1</subfield></datafield><datafield ind1="1" ind2=" " tag="022"><subfield code="a">0745-6816</subfield><subfield code="l">0745-6816</subfield><subfield code="2">1</subfield></datafield><datafield ind1=" " ind2=" " tag="032"><subfield code="a">402340</subfield><subfield code="b">USPS</subfield></datafield><datafield ind1=" " ind2=" " tag="037"><subfield code="b">The Leader, P.O. Box 1771, Point Pleasant Beach, NJ 08742</subfield></datafield><datafield ind1=" " ind2=" " tag="042"><subfield code="a">nsdp</subfield></datafield><datafield ind1="0" ind2=" " tag="130"><subfield code="a">Leader (Point Pleasant Beach, N.J.)</subfield></datafield><datafield ind1=" " ind2="4" tag="222"><subfield code="a">The Leader</subfield><subfield code="b">(Point Pleasant Beach, N.J)</subfield></datafield><datafield ind1="1" ind2="4" tag="245"><subfield code="a">The leader.</subfield></datafield><datafield ind1=" " ind2=" " tag="260"><subfield code="a">Point Pleasant Beach, N.J. :</subfield><subfield code="b">[s.n.]</subfield></datafield><datafield ind1=" " ind2=" " tag="310"><subfield code="a">Weekly</subfield></datafield><datafield ind1="1" ind2=" " tag="362"><subfield code="a">Began with June 23, 1955 issue.</subfield></datafield><datafield ind1=" " ind2=" " tag="588"><subfield code="a">Description based on: Vol. 67, no. 12 (Mar. 24, 1983).</subfield></datafield><datafield ind1=" " ind2=" " tag="752"><subfield code="a">United States</subfield><subfield code="b">New Jersey</subfield><subfield code="c">Ocean</subfield><subfield code="d">Point Pleasant.</subfield></datafield><datafield ind1=" " ind2=" " tag="752"><subfield code="a">United States</subfield><subfield code="b">New Jersey</subfield><subfield code="c">Ocean</subfield><subfield code="d">Point Pleasant Beach.</subfield></datafield><datafield ind1="0" ind2="0" tag="780"><subfield code="t">Ocean County leader South Monmouth news</subfield></datafield><datafield ind1=" " ind2=" " tag="936"><subfield code="a">Mar. 24, 1983</subfield></datafield></record>